@article{xie2016theory,
  title={A Theory of Generative ConvNet},
  author={Xie, Jianwen and Lu, Yang and Zhu, Song-Chun and Wu, Ying Nian},
  journal={arXiv preprint arXiv:1602.03264},
  year={2016}
}